% Encoding: UTF-8

@book{goebel2008fundamentals,
  title={Fundamentals of electric propulsion: ion and Hall thrusters},
  author={Goebel, Dan M and Katz, Ira},
  volume={1},
  year={2008},
  publisher={John Wiley \& Sons}
}

@article{goebel2008analytical,
  title={Analytical discharge model for RF ion thrusters},
  author={Goebel, Dan M},
  journal={IEEE transactions on plasma science},
  volume={36},
  number={5},
  pages={2111--2121},
  year={2008},
  publisher={IEEE}
}

@mastersthesis{Calik2011,
author = {Calik, Emine},
  school  = {Istanbul Technical University},
title = {{Preliminary Design for Electrical Propulsion System for Lunar Nanosatellite Mission}},
  year    = {2019}
}


@book{lieberman2005principles,
  title={Principles of plasma discharges and materials processing},
  author={Lieberman, Michael A and Lichtenberg, Alan J},
  year={2005},
  publisher={John Wiley \& Sons}
}

@phdthesis{Couch2017,
author={Couch, Brian D},
title = {Busek 1CM Micro Radio-Frequency Ion Thruster Empirical Performance Determination},
institution={Air Force Institute of Technology Wright-Patterson AFB United States},
year = {2011}
}

@misc{griffiths2005introduction,
  title={Introduction to electrodynamics},
  author={Griffiths, David J},
  year={2005},
  publisher={American Association of Physics Teachers}
}
@phdthesis{williams2013ion,
  title={Ion acceleration mechanisms of helicon thrusters},
  author={Williams, Logan Todd},
  year={2013},
  school={Georgia Institute of Technology}
}

@inproceedings{gillman2008low,
  title={Low Power Planar Antenna Inductive Discharge Ion Source},
  author={Gillman, Eric and Foster, John and Cummings, Paul},
  booktitle={44th AIAA/ASME/SAE/ASEE Joint Propulsion Conference \& Exhibit},
  pages={5199},
  year={2008}
}

@book{farnell2007performance,
  title={Performance and lifetime simulation of ion thruster optics},
  author={Farnell, Cody Coffman},
  year={2007}
}

@article{tsay2009micro,
  title={Micro RF ion engine for small satellite applications},
  author={Tsay, Michael and Hohman, Kurt and Olson, Lynn},
  year={2009}
}

@article{lemmer2017propulsion,
  title={Propulsion for cubesats},
  author={Lemmer, Kristina},
  journal={Acta Astronautica},
  volume={134},
  pages={231--243},
  year={2017},
  publisher={Elsevier}
}

@article{tummala2017overview, 
  title={An overview of cube-satellite propulsion technologies and trends},
  author={Tummala, Akshay Reddy and Dutta, Atri},
  journal={Aerospace},
  volume={4},
  number={4},
  pages={58},
  year={2017},
  publisher={Multidisciplinary Digital Publishing Institute}
}

@inproceedings{hejmanowski2015cubesat,
  title={CubeSat high impulse propulsion system (CHIPS)},
  author={Hejmanowski, NJCA and Woodruff, RB and Burton, RL and Carroll, DL and Cardin, J and South El Monte, C},
  booktitle={Proceedings of the 62nd JANNAF Propulsion Meeting (7th Spacecraft Propulsion), Nashville, TN, USA},
  pages={1--5},
  year={2015}
}

@book{wadhwa2006high,
  title={High voltage engineering},
  author={Wadhwa, CL},
  year={2006},
  publisher={New Age International}
}

@article{bock2011electric,
  title={Electric propulsion systems for small satellites: the low earth orbit mission perseus},
  author={Bock, D and Herdrich, G and Lau, M and Lengowski, M and Sch{\"o}nherr, T and Steinmetz, F and Wollenhaupt, B and Zeile, O and R{\"o}ser, H-P},
  journal={Progress in Propulsion Physics},
  volume={2},
  pages={629--638},
  year={2011},
  publisher={EDP Sciences}
}

@inproceedings{herrera2016cubesat,
  title={CubeSat system structural design},
  author={Herrera-Arroyave, JE and Berm{\'u}dez-Reyes, B and Ferrer-P{\'e}rez, JA and Col{\'\i}n, A},
  booktitle={67th International Astronautical Congress. Guadalajara, Mexico},
  pages={1--5},
  year={2016}
}

@techreport{cubesatspec,
  author      = {},
  institution = {Stanford University and California Polytechnic Institute},
  title       = {CubeSat Design Specifications Document},
  year        = {March 2001}
}

@inproceedings{konecny2004small,
  title={Small satellites--A tool for Earth observation?},
  author={Konecny, Gottfried},
  booktitle={XXth ISPRS Congress, Commission},
  volume={4},
  pages={12--23},
  year={2004},
  organization={Citeseer}
}

@misc{Nanosats61online,
author = {},
title = {Nanosats Database},
howpublished = {\url{https://www.nanosats.eu/}},
month = {},
year = {},
note = {(Accessed on 01/04/2022)}
}

@article{pradhan2018birds,
  title={BIRDS-2: Multi-nation Cubesat constellation project for learning and capacity building},
  author={Pradhan, Kiran and Pauline, Faure and Maeda, George and Kim, Sangkyun and Masui, Hirokazu and Cho, Mengu},
  year={2018}
}

@article{klesh2018marco,
  title={MarCO: Early operations of the first CubeSats to Mars},
  author={Klesh, Andrew and Clement, Brian and Colley, Cody and Essmiller, John and Forgette, Daniel and Krajewski, Joel and Marinan, Anne and Martin-Mur, Tomas},
  year={2018}
}

@article{tsay2015lunarcube,
  title={LunarCube: a deep space 6U CubeSat with mission enabling ion propulsion technology},
  author={Tsay, Michael and Frongillo, John and Hohman, Kurt and Malphrus, Benjamin Kevin},
  year={2015}
}

@article{yost2021state,
  title={State-of-the-Art Small Spacecraft Technology},
  author={Yost, Bruce and Weston, Sasha and Benavides, Gabriel and Krage, Frederic and Hines, John and Mauro, Stephanie and Etchey, Selasi and O’Neill, Kiara and Braun, Barbra},
  year={2021}
}

@article{zheng2021integrated,
  title={Integrated study on the comprehensive magnetic-field configuration performance in the 150 kW superconducting magnetoplasmadynamic thruster},
  author={Zheng, Jinxing and Liu, Haiyang and Song, Yuntao and Zhou, Cheng and Li, Yong and Li, Ming and Tang, Haibin and Wang, Ge and Cong, Yuntian and Wang, Baojun and others},
  journal={Scientific Reports},
  volume={11},
  number={1},
  pages={1--11},
  year={2021},
  publisher={Nature Publishing Group}
}

@article{aslanspace,
  title={Space Education at UNISEC-TR (UTEB) Universities},
  author={ASLAN, A R{\"u}stem and Hac{\i}oglu, Abdurrahman and {\c{C}}elebi, Mansur and Kalemci, Emrah and Soykasap, {\"O}mer}
}

@inproceedings{aslan2015integration,
  title={The Integration and Testing of BeEagleSat},
  author={ASLAN, A Rustem and Bas, M Erdem and Uludag, M Sevket and Turkoglu, Sibel and Akyol, I Eray and Aksulu, M Deniz and Yakut, Erdinc and S{\"u}er, Murat and Karabulut, Bogac and Sofyal{\i}, Ahmet and others},
  booktitle={The 30th International Symposium on Space Technology and Science (ISTS), the 34th International Electric Propulsion Conference (IEPC) \& the 6th Nano-Satellite Symposium (NSAT)},
  year={2015}
}

 @mastersthesis{karabulut,
   author  = {Boğaç Karabulut},
   school  = {Istanbul Technical University},
   title   = {Design of a Star Tracker for Nano/Micro Satellites},
   year    = {2017}
 }



@inproceedings{dudeck2012plasma,
  title={Plasma propulsion for geostationary satellites for telecommunication and interplanetary missions},
  author={Dudeck, M and Doveil, F and Arcis, N and Zurbach, S},
  booktitle={IOP Conference Series: Materials Science and Engineering},
  volume={29},
  number={1},
  pages={012010},
  year={2012},
  organization={IOP Publishing}
}

@inproceedings{tsay2016maturation,
  title={Maturation of iodine fueled BIT-3 RF ion thruster and RF neutralizer},
  author={Tsay, Michael and Frongillo, John and Zwahlen, Jurg and Paritsky, Lenny},
  booktitle={52nd AIAA/SAE/ASEE Joint Propulsion Conference},
  pages={4544},
  year={2016}
}

@inproceedings{yavuz2013prototype,
  title={Prototype design and manufacturing method of an 8 cm diameter RF ion thruster},
  author={Yavuz, Burak and Turkoz, Emre and Celik, Murat},
  booktitle={2013 6th International Conference on Recent Advances in Space Technologies (RAST)},
  pages={619--624},
  year={2013},
  organization={IEEE}
}

@inproceedings{kokal2017design,
  title={Design Improvements and Experimental Measurements of BURFIT-80 RF Ion Thruster},
  author={Kokal, Ugur and Turan, Nazli and Celik, Murat and Kurt, Huseyin},
  booktitle={53rd AIAA/SAE/ASEE Joint Propulsion Conference},
  pages={4891},
  year={2017}
}

@article{OCW1964,
author = {OCW, MIT.},
mendeley-groups = {Notes},
pages = {1--16},
title = {{Session : Electrostatic Thrusters ( Kaufman Ion Engines )}},
year = {1964}
}


@mastersthesis{Bumbarger,
  author  = {Bumbarger, Peter Paul},
  school  = {Boise State University},
  title   = {Analysis of a Miniature Radio Frequency Ion Thruster with an Inductively Coupled Plasma Source},
  year    = {2013}
}

@misc{kaufman,
  author       = {Sebastian Anthony},
  title        = {NASA’s NEXT ion drive breaks world record, will eventually power interplanetary missions},
  howpublished = "\url{https://www.extremetech.com/extreme/144296-nasas-next-ion-drive-breaks-world-record-will-eventually-power-interplanetary-missions}",
  note         = {Accessed on 15.01.2022},
}


@mastersthesis{lara2016design,
  title={Design and Performance Analysis Study of an Ion Thruster},
  author={Lara, Carlos S{\'a}nchez},
  year={2016},
  school={Universitat Polit{\`e}cnica de Catalunya. Escola Superior d'Enginyeries~…}
}

@article{nakagawa2019performance,
  title={Performance characterization of a miniature microwave discharge ion thruster operated with water},
  author={Nakagawa, Yuichi and Koizumi, Hiroyuki and Kawahara, Hiroki and Komurasaki, Kimiya},
  journal={Acta Astronautica},
  volume={157},
  pages={294--299},
  year={2019},
  publisher={Elsevier}
}

@inproceedings{mistoco2004development,
  title={Development and chamber testing of a miniature radio-frequency ion thruster for microspacecraft},
  author={Mistoco, Val{\'e}rie and Bil{\'e}n, Sven and Micci, Michael},
  booktitle={40th AIAA/ASME/SAE/ASEE Joint Propulsion Conference and Exhibit},
  pages={4124},
  year={2004}
}

@article{yildiz2019plume,
  title={Plume diagnostics of BUSTLab microwave electrothermal thruster using Langmuir and Faraday probes},
  author={Yildiz, M Serhan and Celik, Murat},
  journal={Plasma Science and Technology},
  volume={21},
  number={4},
  pages={045505},
  year={2019},
  publisher={IOP Publishing}
}

@article{xiaogang2020heating,
  title={On the heating mechanism of electron cyclotron resonance thruster immerged in a non-uniform magnetic field},
  author={Xiaogang, YUAN and Chang, Lei and Xin, YANG and Haishan, ZHOU and Guangnan, LUO},
  journal={Plasma Science and Technology},
  volume={22},
  number={9},
  pages={094003},
  year={2020},
  publisher={IOP Publishing}
}
@article{holste2018performance,
  title={Performance of an iodine-fueled radio-frequency ion-thruster.},
  author={Holste, Kristof and G{\"a}rtner, Waldemar and Zsch{\"a}tzsch, Daniel and Scharmann, Steffen and K{\"o}hler, Peter and Dietz, Patrick and Klar, Peter},
  journal={European Physical Journal D--Atoms, Molecules, Clusters \& Optical Physics},
  volume={72},
  number={1},
  year={2018}
}

@phdthesis{kokal2019development,
  title={DEVELOPMENT OF A MILI-NEWTON LEVEL THRUST STAND FOR THRUST MEASUREMENTS OF ELECTRIC PROPULSION SYSTEMS AND UK90 HALL EFFECT THRUSTER},
  author={Kokal, Ugur},
  year={2019},
  school={Bogazi{\c{c}}i University}
}

@inproceedings{szabo2020one,
  title={One Million Newton-Second Duration Test of a 600 Watt Hall Effect Thruster Fueled By Xenon},
  author={Szabo, James J and Byrne, Lawrence and Strain, Mike and Paintal, Surjeet and Sawyer, Samuel and Yu, Terry and Kolencik, George and Hruby, Vlad and Gray, Timothy G and Petters, Dean P and others},
  booktitle={AIAA Propulsion and Energy 2020 Forum},
  pages={3651},
  year={2020}
}

@inproceedings{loeb2004development,
  title={Development of a RIT-Millithruster},
  author={Loeb, Horst W and Schartner, K-H and Weis, St and Feili, D and Meyer, BK},
  booktitle={55th International Astronautical Congress of the International Astronautical Federation, the International Academy of Astronautics, and the International Institute of Space Law},
  pages={S--4},
  year={2004}
}

@inproceedings{leiter2003development,
  title={Development and performance of the advanced radio frequency ion thruster RIT-XT},
  author={Leiter, Hans J and Killinger, Rainer and Bassner, Helmut and Mueller, Johann and Kukies, Ralf and Froehlich, Tomas},
  booktitle={28th International Electric Propulsion Conference (IEPC 2003)},
  pages={115--124},
  year={2003}
}

@inproceedings{loeb2011design,
  title={Design of high-power high-specific impulse RF-ion thruster},
  author={Loeb, HW and Feili, D and Popov, GA and Obukhov, VA and Balashov, VV and Mogulkin, AI and Murashkov, VM and Nesterenko, AN and Khartov, S},
  booktitle={32nd International Electric Propulsion Conference, Wiesbaden, Germany},
  pages={1988--2007},
  year={2011}
}

@inproceedings{tsay2012micro,
  title={Micro radio-frequency ion propulsion system},
  author={Tsay, Michael and Hohman, Kurt and Rosenblad, Nathaniel and Ehrbar, Eric and Robin, Michael and Farnell, Cody},
  booktitle={48th AIAA/ASME/SAE/ASEE Joint Propulsion Conference \& Exhibit},
  pages={3947},
  year={2012}
}
@Comment{jabref-meta: databaseType:biblatex;}

@book{bowick2011rf,
  title={RF circuit design},
  author={Bowick, Christopher},
  year={2011},
  publisher={Elsevier}
}

@book{slurzberg1950essentials,
  title={Essentials of Electricity for Radio and Television},
  author={Slurzberg, Morris and Osterheld, William},
  year={1950},
  publisher={McGraw-Hill}
}

@Inbook{Horneck2011,
author="Horneck, Gerda",
editor="Gargaud, Muriel
and Amils, Ricardo
and Quintanilla, Jos{\'e} Cernicharo
and Cleaves, Henderson James (Jim)
and Irvine, William M.
and Pinti, Daniele L.
and Viso, Michel",
title="Space Vacuum Effects",
bookTitle="Encyclopedia of Astrobiology",
year="2011",
publisher="Springer Berlin Heidelberg",
address="Berlin, Heidelberg",
pages="1543--1543",
isbn="978-3-642-11274-4",
doi="10.1007/978-3-642-11274-4_1471",
url="https://doi.org/10.1007/978-3-642-11274-4_1471"
}


@inproceedings{kurtulus2007itu,
  title={ITU-pSAT I: Istanbul Technical University student pico-satellite program},
  author={Kurtulus, Can and Baltaci, Taskin and Ulusoy, Murat and Aydin, B Tayfun and Tutkun, Bullent and Inalhan, Gokhan and Cetiner-Yildirim, NL Oksan and Karyot, Turgut Berat and Yarim, Cuma and Edis, Firat Oguz and others},
  booktitle={2007 3rd International Conference on Recent Advances in Space Technologies},
  pages={725--732},
  year={2007},
  organization={IEEE}
}

@article{brown2017recommended,
  title={Recommended practice for use of Faraday probes in electric propulsion testing},
  author={Brown, Daniel L and Walker, Mitchell LR and Szabo, James and Huang, Wensheng and Foster, John E},
  journal={Journal of Propulsion and Power},
  volume={33},
  number={3},
  pages={582--613},
  year={2017},
  publisher={American Institute of Aeronautics and Astronautics}
}