@article{dijkstra1972humbleprogrammer,
  title={The humble programmer},
  author={Dijkstra, Edsger W.},
  journal={Communications of the ACM},
  volume={15},
  number={10},
  pages={859--866},
  year={1972},
  publisher={ACM}
}

@article{lamport1982proving,
  title={Proving liveness properties of concurrent programs},
  author={Lamport, Leslie and Owicki, Susan},
  journal={ACM Transactions on Programming Languages and Systems},
  volume={4},
  year={1982}
}