@article{wertz2009orbit,
  title={Orbit \& Constellation Design \& Management, 2nd printing},
  author={Wertz, James R},
  journal={Hawthorne, CA and NY: Microcosm Press and Springer},
  year={2009}
}
}

@book{schaub2002analytical, 
  title={Analytical Mechanics of Aerospace Systems},
  author={Schaub, H., Junkins, J.L.},
  year={2002}
}

@phdthesis{lee2017cubesat,
  title={CubeSat constellation implementation and management using differential drag},
  author={Lee, Zachary Thomas},
  year={2017},
  school={Massachusetts Institute of Technology}
}

@article{foster2015orbit,
  title={Orbit determination and differential-drag control of Planet Labs CubeSat constellations},
  author={Foster, Cyrus and Hallam, Henry and Mason, James},
  journal={arXiv preprint arXiv:1509.03270},
  year={2015}
}
@book{vallado2001fundamentals, 
  title={Fundamentals of Astrodynamics and Applications},
  author={Vallado, D.},
  year={2001},
  publisher={Microcosm Press and Springer},
  edition={3rd ed.},
}

@book{anderson2023space,
  title={The Space Economy: Capitalize on the Greatest Business Opportunity of Our Lifetime},
  author={Anderson, C.},
  isbn={9781119903970},
  lccn={2022053694},
  url={https://books.google.fi/books?id=ag-4EAAAQBAJ},
  year={2023},
  publisher={Wiley}
}

@article{eichhorn2018comparative,
  title={A comparative study of programming languages for next-generation astrodynamics systems},
  author={Eichhorn, Helge and Cano, Juan Luis and McLean, Frazer and Anderl, Reiner},
  journal={CEAS Space Journal},
  volume={10},
  pages={115--123},
  year={2018},
  publisher={Springer}
}